@inproceedings{zutshi2012timed,
  title={Timed relational abstractions for sampled data control systems},
  author={Zutshi, Aditya and Sankaranarayanan, Sriram and Tiwari, Ashish},
  booktitle={Computer Aided Verification},
  pages={343--361},
  year={2012},
  organization={Springer}
}

@InProceedings{Zutshi+Others/2013/Trajectory,
  title={A Trajectory Splicing Approach to Concretizing Counterexamples for Hybrid Systems},
  author={Zutshi, Aditya and Sankaranarayanan, Sriram and Deshmukh, Jyotirmoy V and Kapinski, James},
  booktitle={IEEE Conf. on Decision and Control (CDC)},
  year={2013},
  publisher={IEEE Press}
}

@inproceedings{zutshi2014multiple,
  title={Multiple shooting, CEGAR-based falsification for hybrid systems},
  author={Zutshi, Aditya and Sankaranarayanan, Sriram and Deshmukh, Jyotirmoy V and Kapinski, James},
  booktitle={Proceedings of the 14th International Conference on Embedded Software},
  pages={5},
  year={2014},
  organization={ACM}
}

@inproceedings{zutshi2016symbolic,
  title={Symbolic-Numeric Reachability Analysis of Closed-Loop Control
  Software},
  author={Zutshi, Aditya and Sankaranarayanan, Sriram and Deshmukh,
      Jyotirmoy V and Jin, Xiaoqing},
  booktitle={Proceedings of the 19th International Conference on
      Hybrid Systems: Computation and Control},
  pages={135--144},
  year={2016},
  organization={ACM}
}

@article{katz2017reluplex,
  title={Reluplex: An Efficient SMT Solver for Verifying Deep Neural Networks},
  author={Katz, Guy and Barrett, Clark and Dill, David and Julian, Kyle and Kochenderfer, Mykel},
  journal={arXiv preprint arXiv:1702.01135},
  year={2017}
}

@article{pulina2011never,
  title={NeVer: a tool for artificial neural networks verification},
  author={Pulina, Luca and Tacchella, Armando},
  journal={Annals of Mathematics and Artificial Intelligence},
  volume={62},
  number={3-4},
  pages={403--425},
  year={2011},
  publisher={Springer}
}

@article{pulina2012challenging,
  title={Challenging SMT solvers to verify neural networks},
  author={Pulina, Luca and Tacchella, Armando},
  journal={AI Communications},
  volume={25},
  number={2},
  pages={117--135},
  year={2012},
  publisher={IOS Press}
}

@inproceedings{pulina2011checking,
  title={Checking safety of neural networks with SMT solvers: a comparative evaluation},
  author={Pulina, Luca and Tacchella, Armando},
  booktitle={Congress of the Italian Association for Artificial Intelligence},
  pages={127--138},
  year={2011},
  organization={Springer}
}

@inproceedings{althoff2016combining,
  title={Combining zonotopes and support functions for efficient reachability analysis of linear systems},
  author={Althoff, Matthias and Frehse, Goran},
  booktitle={Decision and Control (CDC), 2016 IEEE 55th Conference on},
  pages={7439--7446},
  year={2016},
  organization={IEEE}
}

@book{annpureddy2011s,
  title={S-taliro: A tool for temporal logic falsification for hybrid systems},
  author={Annpureddy, Yashwanth and Liu, Che and Fainekos, Georgios and Sankaranarayanan, Sriram},
  year={2011},
  publisher={Springer}
}

@inproceedings{donze2010breach,
  title={Breach, a toolbox for verification and parameter synthesis of hybrid systems},
  author={Donz{\'e}, Alexandre},
  booktitle={Computer Aided Verification},
  pages={167--170},
  year={2010},
  organization={Springer}
}


@inproceedings{Tiwari2012,
 author = {Tiwari, Ashish},
 title = {HybridSAL relational abstracter},
 booktitle = {Computer Aided Verification},
 series = {CAV'12},
 year = {2012},
 isbn = {978-3-642-31423-0},
 location = {Berkeley, CA},
 pages = {725--731},
 numpages = {7},
 doi = {10.1007/978-3-642-31424-7_56},
 acmid = {2362286},
 publisher = {Springer-Verlag}
}

@phdthesis{Zutshi2016,
author={Zutshi,Aditya},
year={2016},
title={Reachability Analysis of Cyber-Physical Systems using Symbolic-Numeric Techniques},
keywords={Computer science; Electrical engineering},
isbn={9781369490626;1369490623;},
language={English},
}
